@book{patterson,
    author = {Dan Patterson},
    title = {Künstliche neuronale Netze},
    edition = {zweite Auflage},
    year = {1997},
    publisher = {Prentice Hall},
    address = {München},
}

@conference{pitts,
    author        = {Warren S. McCulloch and Walter Pitts},
    title         = {A logical calculus of the ideas immanent in nervous activity},
    booktitle     = {The bulletin of mathematical biophysics},
    volume        = {5},
    year          = {1943},
    pages         = {115–133}
}

@inproceedings{krizhevsky,
  title={Imagenet classification with deep convolutional neural networks},
  author={Krizhevsky, Alex and Sutskever, Ilya and Hinton, Geoffrey E},
  booktitle={Advances in neural information processing systems},
  pages={1097--1105},
  year={2012}
}

@article{lawrence,
  title={Face recognition: A convolutional neural-network approach},
  author={Lawrence, Steve and Giles, C Lee and Tsoi, Ah Chung and Back, Andrew D},
  journal={IEEE transactions on neural networks},
  volume={8},
  number={1},
  pages={98--113},
  year={1997},
  publisher={IEEE}
}

@phdthesis{miesbach,
  title={Bahnf{\"u}hrung von Robotern mit neuronalen Netzen},
  author={Miesbach, Stefan},
  year={1995},
  school={Technical University Munich, Germany}
}

@misc{matlab,
  title = {Neural Network Time-Series Prediction and Modeling (Matlab Userguide)},
  howpublished = {\url{https://de.mathworks.com/help/nnet/gs/neural-network-time-series-prediction-and-modeling.html}},
  note = {Zugriff: 05.07.2017}
}

