@book{patterson,
    author = {Dan Patterson},
    title = {Künstliche neuronale Netze},
    edition = {zweite Auflage},
    year = {1997},
    publisher = {Prentice Hall},
    address = {München},
}

@conference{pitts,
    author        = {Warren S. McCulloch and Walter Pitts},
    title         = {A logical calculus of the ideas immanent in nervous activity},
    booktitle     = {The bulletin of mathematical biophysics},
    volume        = {5},
    year          = {1943},
    pages         = {115–133}
}

@inproceedings{krizhevsky,
  title={Imagenet classification with deep convolutional neural networks},
  author={Krizhevsky, Alex and Sutskever, Ilya and Hinton, Geoffrey E},
  booktitle={Advances in neural information processing systems},
  pages={1097--1105},
  year={2012}
}

@article{lawrence,
  title={Face recognition: A convolutional neural-network approach},
  author={Lawrence, Steve and Giles, C Lee and Tsoi, Ah Chung and Back, Andrew D},
  journal={IEEE transactions on neural networks},
  volume={8},
  number={1},
  pages={98--113},
  year={1997},
  publisher={IEEE}
}

@phdthesis{miesbach,
  title={Bahnf{\"u}hrung von Robotern mit neuronalen Netzen},
  author={Miesbach, Stefan},
  year={1995},
  school={Technical University Munich, Germany}
}

@misc{matlab,
  title = {Neural Network Time-Series Prediction and Modeling (Matlab Userguide)},
  howpublished = {\url{https://de.mathworks.com/help/nnet/gs/neural-network-time-series-prediction-and-modeling.html}},
  note = {Zugriff: 05.07.2017}
}


@online{cismet-cids-readMe,
	title={Cismet ReadMe},
	author={Cismet GmbH},
	urldate={2013-11-20},
	url={http://www.cismet.de/en/cidsReadme.html},
	year={2013}
}
% Sources in Web Dev Chapter
@online{web-dev:list-frameworks,
	title = {Comparison of web application frameworks},
	author = {Wikipedia},
	year = {2014},
	url = {http://en.wikipedia.org/wiki/Comparison_of_web_application_frameworks}
}

@online{allaire_ria,
	title = {Macromedia Flash MX—A next-generation rich client},
	author = {Jeremy Allaire},
	year = {2002},
	type = {Whitepaper},
	url = {http://download.macromedia.com/pub/flash/whitepapers/richclient.pdf}
}

@techreport{ria-state-of-the-art,
    author={Busch, Marianne and Koch, Nora},
    institution = {Ludwig-Maximilians-Universit\"{a}t M\"{u}nchen, Germany},
    posted-at = {2010-06-25 22:49:12},
    title = {Rich Internet Applications {State-of-the-Art}},
    url={http://uwe.pst.ifi.lmu.de/publications/maewa_rias_report.pdf},
    year = {2009}
}

@inproceedings{ria-definition-1,
  added-at = {2009-10-14T21:30:02.000+0200},
  address = {Edinburgh, Scotland},
  author = {Bozzon, Alessandro and Comai, Sara and Fraternali, Piero and Carughi, Giovanni Toffetti},
  biburl = {http://www.bibsonomy.org/bibtex/2708e09ce9f0f02bd7c2968033e1f53a4/magsilva},
  booktitle = {WWW '06: Proceedings of the 15th international conference on World
	Wide Web},
  doi = {http://doi.acm.org/10.1145/1135777.1135938},
  interhash = {83b9dd257f33dfbb35b9cc7bb8e57dcb},
  intrahash = {708e09ce9f0f02bd7c2968033e1f53a4},
  keywords = {imported},
  pages = {907-908},
  timestamp = {2009-10-14T21:30:02.000+0200},
  title = {Capturing RIA concepts in a web modeling language},
  year = 2006
}

@article{ria-comp-1,
 author = {Alexander Hofmann},
    citeulike-article-id = {7359765},
    institution = {Lehrstuhl für Medieninformatik, Otto-Friedrich-Universität Bamberg},
    title = {Silverlight vs. Flash - zwei Namen für eine Technologie},
    year = {2011},
    url={http://www.uni-bamberg.de/fileadmin/uni/fakultaeten/wiai_lehrstuehle/medieninformatik/Dateien/Sammelbaende/MI-Sem_So2011_Web-Technologien.pdf#page=17}
}

@online{ria-comp-2,
	title={Rich Internet Applications: State of the Union},
	author={Yakov fain},
	urldate={2014-02-08},
	url={http://flexblog.faratasystems.com/2007/02/13/rich-internet-applications-state-of-the-union},
	year={2007}
}

@INPROCEEDINGS{ria-classification-1,
    author = {Alessandro Bozzon and Piero Fraternali and Sara Comai and Giovanni Toffetti Carughi},
    title = {T.: Conceptual Modeling and Code Generation for Rich Internet Applications},
    booktitle = {ICWE2006: International Conference on Web Engineering},
    year = {},
    publisher = {ACM Press}
}

@article{ria-classification-2,
  title={Rich internet applications},
  author={Noda, Tom and Helwig, Shawn},
  journal={Technical Comparison and Case Studies of AJAX, Flash, and Java based RIA UW E-Business-Consortium Opinion Papers},
  year={2005},
  publisher={Citeseer}
}

@online{jobs-thoughts-on-flash,
	title={Thoughts on Flash},
	author={Steve Jobs},
	urldate={2014-01-08},
	url={http://www.apple.com/hotnews/thoughts-on-flash/},
	year={2010}
}

@online{ria_flash-usage,
	title={Usage of client-side programming languages for websites},
	author={w3techs},
	urldate={2014-01-08},
	url={http://w3techs.com/technologies/history_overview/client_side_language/all/y},
	year={2010}
}

@online{ajax,
	title={Ajax: A New Approach to Web Applications},
	author={Jesse James Garrett},
	urldate={2014-01-14},
	url={http://www.adaptivepath.com/ideas/ajax-new-approach-web-applications/},
	year={2005}
}

@online{web-dev:js-disabled,
	title={How many users have JavaScript disabled?},
	author={Nicholas C. Zakas},
	urldate={2014-01-14},
	url={http://developer.yahoo.com/blogs/ydn/many-users-javascript-disabled-14121.html},
	year={2013}
}

@article{smalltalk_mvc,
 author = {Krasner, Glenn E. and Pope, Stephen T.},
 title = {A Cookbook for Using the Model-view Controller User Interface Paradigm in Smalltalk-80},
 journal = {J. Object Oriented Program.},
 issue_date = {Aug./Sept. 1988},
 volume = {1},
 number = {3},
 month = aug,
 year = {1988},
 issn = {0896-8438},
 pages = {26--49},
 numpages = {24},
 url = {http://dl.acm.org/citation.cfm?id=50757.50759},
 acmid = {50759},
 publisher = {SIGS Publications},
 address = {Denville, NJ, USA}
} 

% sources in conception chapter

@online{conception:rfc-uri,
	title={RFC 2616 - Hypertext Transfer Protocol -- HTTP/1.1},
	author={R. Fielding,UC Irvine,J. Gettys and others},
	urldate={2014-02-04},
	url={http://www.faqs.org/rfcs/rfc2616.html},
	year={1999}
}

@online{conception:uri-length,
	title={What is the maximum length of a URL in different browsers?},
	author={Sander Versluys},
	urldate={2014-02-04},
	url={http://stackoverflow.com/questions/417142/what-is-the-maximum-length-of-a-url-in-different-browsers/7056886#7056886},
	year={2013}
}

@online{conception:rhino,
	title={Java Scripting Programmer's Guide},
	author={Oracle},
	urldate={2014-02-04},
	url={http://docs.oracle.com/javase/6/docs/technotes/guides/scripting/programmer_guide/#jstojava},
	year={2011}
}

@online{conception:jetty,
	title={Jetty - Quick Start Guide},
	urldate={2014-02-04},
	url={http://www.eclipse.org/jetty/documentation/current/quick-start.html},
	year={2014}
}

@online{conception:gwt,
	title={Google Web Toolkit},
	author={Google Inc.},
	urldate={2014-02-04},
	url={http://www.gwtproject.org/},
	year={2014}
}

@online{anguler_mvw,
	title={MVC vs MVVM vs MVP},
	author={Igor Minar},
	urldate={2014-01-14},
	url={https://plus.google.com/+AngularJS/posts/aZNVhj355G2},
	year={2012}
}

@online{binding_comparison,
	title={A comparison of the two-way binding in AngulaJS, EmberJS and KockoutJS},
	author={Marius Gundersen},
	urldate={2014-01-14},
	url={http://2013.jsconf.eu/speakers/marius-gundersen-a-comparison-of-the-twoway-binding-in-angularjs-emberjs-and-knockoutjs.html},
	year={2013}
}

@online{ng-binding,
	title={Angular Developer Guide - Data Binding},
	author={Google Inc.},
	urldate={2014-02-12},
	url={http://docs.angularjs.org/guide/databinding},
	year={2013}
}

@online{spi_manifesto,
	title={The Single Page Interface Manifesto},
	author={Jose Maria Arranz Santamaria},
	urldate={2014-01-14},
	url={http://itsnat.sourceforge.net/php/spim/spi_manifesto_en.php},
	year={2011}
}

@online{hashbang_urls_1,
	title={Breaking the Web with hash-bangs},
	urldate={2014-01-14},
	url={http://isolani.co.uk/blog/javascript/BreakingTheWebWithHashBangs/},
	year={2011}
}

@online{hashbang_urls_2,
	title={It's About The Hashbangs},
	urldate={2014-01-14},
	url={http://danwebb.net/2011/5/28/it-is-about-the-hashbangs},
	year={2011}
}

@online{hashbang_urls_3,
	title={Thoughts on the Hashbang},
	urldate={2014-01-14},
	url={http://www.adequatelygood.com/Thoughts-on-the-Hashbang.html},
	year={2011}
}

% sources in tech_analysis chapter

@online{tech-ana:flying-saucer,
	title={Flying Saucer},
	urldate={2014-02-06},
	url={https://code.google.com/p/flying-saucer/}
}

@online{tech-ana:lobo,
	title={Lobo Browser API},
	urldate={2014-02-06},
	url={http://lobobrowser.org/browser/api-info.jsp}
}

@online{tech-ana:acid3,
	title={Acid3 receptions and misconceptions and do we have a winner?},
	author={Lars Gunther},
	urldate={2014-02-06},
	url={http://www.webstandards.org/action/acid3/},
	year={2008}
}

@online{tech-ana:html5-test,
	title={HTML5 Test - how well does your browser support html5?},
	author={Niels Leenheer},
	urldate={2014-02-06},
	url={http://html5test.com/},
	year={2013}
}

@online{tech-ana:css3-test,
	title={THE CSS3 TEST},
	urldate={2014-02-06},
	url={http://html5test.com/},
	year={2013}
}

@online{tech-ana:ECMAScript,
	title={ECMAScript},
	author={Wikipedia},
	urldate={2014-02-06},
	url={http://en.wikipedia.org/wiki/ECMAScript},
	year={2014}
}

@online{tech-ana:ECMAtest,
	title={ECMAScript Language test262},
	urldate={2014-02-06},
	url={http://test262.ecmascript.org/},
	year={2010}
}

@online{tech-ana:todo-mvc,
	title={TodoMVC - Helping you select an MV* framework},
	author={Addy Osmani, Sindre sorhus, Pascal Hartig et al.},
	urldate={2013-12-06},
	url={http://todomvc.com/},
	year={2012}
}

@online{tech-ana:canJS-presentation,
	title={CanJS: The Best of Both Worlds},
	author={Brian Moschel},
	urldate={2013-12-06},
	url={http://de.slideshare.net/moschel/canjs-the-best-of-both-worlds},
	year={2012}
}

@online{tech-ana:somaJS,
	title={What is soma.js?},
	author={soundstep},
	urldate={2013-12-06},
	url={http://somajs.github.io/somajs/site/}
}

@article{tech-ana:heise-backbone,
  title={Rückgrat geben - Model View Controller mit Backbone.js},
  author={Golo Roden},
  journal={Heise Developer},
  year={2013},
  publisher={Heise Verlag}
}

@online{heise_knockout,
	title={Model View ViewModel mit Knockout.js},
	author={Golo Roden},
	urldate={2014-01-14},
	url={http://www.heise.de/developer/artikel/Model-View-ViewModel-mit-Knockout-js-1928690.html},
	year={2013}
}

@online{tech-ana:announcing-ember,
	title={Amber.js (formerly SproutCore 2.0) is now Ember.js},
	author={Yehuda Katz},
	urldate={2014-01-14},
	url={http://yehudakatz.com/2011/12/12/amber-js-formerly-sproutcore-2-0-is-now-ember-js/},
	year={2011}
}

@online{tech-ana:ember-data,
	title={STABILIZING EMBER DATA},
	author={Tom Dale and Yehuda Katz},
	urldate={2014-01-14},
	url={http://emberjs.com/blog/2013/03/22/stabilizing-ember-data.html},
	year={2013}
}

@online{tech-ana:em-routes-coc,
	title={Ember Guides - Defining you routes },
	author={Tilde Inc},
	urldate={2014-01-14},
	url={http://emberjs.com/guides/routing/defining-your-routes/},
	year={2013}
}

@online{tech-ana:em-coupling,
	title={Ember Guides - Controllers},
	author={Tilde Inc},
	urldate={2014-01-14},
	url={http://emberjs.com/guides/controllers/},
	year={2013}
}

@online{tech-ana:em-views,
	title={Ember Guides - The View Layer},
	author={Tilde Inc},
	urldate={2014-01-14},
	url={http://emberjs.com/guides/understanding-ember/the-view-layer/},
	year={2013}
}

@online{tech-ana:ng-intro,
	title={Angular Developer Guide - Introduction},
	author={Google},
	urldate={2014-01-14},
	url={http://docs.angularjs.org/guide/introduction},
	year={2013}
}

@online{tech-ana:ng-module,
	title={Angular Developer Guide - What is a Module?},
	author={Google},
	urldate={2014-01-14},
	url={http://docs.angularjs.org/guide/module},
	year={2013}
}

@online{tech-ana:ng-scope,
	title={Angular Developer Guide - What are Scopes?},
	author={Google},
	urldate={2014-01-14},
	url={http://docs.angularjs.org/guide/scope},
	year={2013}
}

@online{tech-ana:ng-binding,
	title={Databinding in angularjs},
	author={Misko Havery},
	urldate={2014-01-14},
	url={http://stackoverflow.com/questions/9682092/databinding-in-angularjs},
	year={2013}
}

@online{tech-ana:ng-concepts,
	title={Angular Developer Guide - Conceptual Overview},
	author={Google Inc.},
	urldate={2014-02-12},
	url={http://docs.angularjs.org/guide/concept},
	year={2013}
}

@online{tech-ana:ng-web-components,
	title={Will MDV become a standard - Google Group},
	author={Google Google Group},
	urldate={2014-03-20},
	url={https://groups.google.com/forum/#!msg/polymer-dev/4RSYaKmbtEk/uYnY3900wpIJ},
	year={2014}
}


% sources for impl chapter

@online{w3c-history-api,
	title={HTML5 - A vocabulary and associated APIs for HTML and XHTML},
	author={W3C},
	urldate={2014-01-14},
	url={http://www.w3.org/TR/html5/browsers.html#history-1},
	year={2013}
}

@online{can_i_use,
	title={Can I use...},
	urldate={2014-01-14},
	url={http://caniuse.com/#search=history},
	year={2013}
}

@online{google_AJAX_crawling,
	title={Making AJAX Applications Crawlable - Getting Started},
	author={Google Inc.},
	urldate={2014-01-15},
	url={https://developers.google.com/webmasters/ajax-crawling/docs/getting-started},
	year={2012}
}

@online{angular_location,
	title={Angular Developer Guide - Using \$location},
	author={Google Inc},
	urldate={2014-01-15},
	url={http://docs.angularjs.org/guide/dev_guide.services.\$location},
	year={2012}
}

@online{impl:skinning-fx,
	title={Skinning JavaFX Applications with CSS},
	author={Joni Gordan, Alexander Kouznetsov},
	urldate={2014-02-03},
	url={http://docs.oracle.com/javafx/2/css_tutorial/jfxpub-css_tutorial.htm},
	year={2013}
}

@online{impl:fx-ui-controls,
	title={Custom UI Controls with JavaFX – Part 1},
	author={Hendrik},
	urldate={2014-02-03},
	url={http://www.guigarage.com/2012/11/custom-ui-controls-with-javafx-part-1/},
	year={2012}
}

@online{impl:fx-classpath,
	title={Why isn't JavaFX on the jdk1.7.0\_u10build12 class path?},
	author={Randahl Fink Isaksen},
	urldate={2014-02-11},
	url={http://mail.openjdk.java.net/pipermail/openjfx-dev/2012-October/004045.html},
	year={2012}
}

@online{impl:ng-bind,
	title={ngBind - directive in module ng},
	urldate={2014-02-03},
	url={http://docs.angularjs.org/api/ng.directive:ngBind},
	year={2013}
}

@online{impl:ng-cloak,
	title={ngCloak - directive in module ng},
	urldate={2014-02-03},
	url={http://docs.angularjs.org/api/ng.directive:ngCloak},
	year={2013}
}

@online{impl:stackoverflow-ng-cloak,
	title={Prevent double curly brace notation from displaying momentarily before angular.js compiles/interpolates document},
	urldate={2014-02-03},
	url={http://stackoverflow.com/questions/12866447/prevent-double-curly-brace-notation-from-displaying-momentarily-before-angular-j},
	year={2013}
}

@online{impl:java2js-data-conversion,
	title={LiveConnect Support in the New Java Plug-In Technology},
	urldate={2014-02-11},
	url={https://jdk6.java.net/plugin2/liveconnect/#JS_JAVA_CONVERSIONS},
	year={2013}
}

@online{impl:ng-bootstrap,
	title={Angular Developer Guide - Bootstrap},
	author={Google Inc.},
	urldate={2014-02-11},
	url={http://docs.angularjs.org/guide/bootstrap},
	year={2013}
}

@online{impl:fx-snapshot,
	title={Strange behaviour on preloading web page in WebView},
	urldate={2014-02-11},
	url={https://community.oracle.com/thread/2584040},
	year={2013}
}




